@misc{Gaming.net,
	author = "Gaming.net",
	title = "FIFA vs PES: Which one is the Better?",
	howpublished = "\url{https://www.gaming.net/fifa-vs-pes-which-one-is-the-better/}",
}

@misc{Stealthoptional.com,
	author = "Stealthoptional.com",
	title = "FIFA vs PES sales: Which Football Sim Game Has Sold The Most Units?",
	howpublished = "\url{https://stealthoptional.com/retro/fifa-vs-pes-sales-which-football-sim-game-has-sold-the-most-units/}",
}